<?xml version="1.0" encoding="UTF-8"?><collection xmlns="http://www.loc.gov/MARC21/slim"><record><leader>00653nam--2200193-i-4500</leader><controlfield tag="001">000023940</controlfield><controlfield tag="002">20161230</controlfield><controlfield tag="005">20161230201035</controlfield><controlfield tag="008">060222s1000------------r-----000-0-eng-d</controlfield><datafield ind1=" " ind2=" " tag="040"><subfield code="a">IFIN-HH</subfield></datafield><datafield ind1=" " ind2=" " tag="080"><subfield code="a">538.945:537.312.62(061.3)</subfield></datafield><datafield ind1="1" ind2=" " tag="100"><subfield code="a">Gubser, D.U</subfield></datafield><datafield ind1="1" ind2="0" tag="245"><subfield code="a">Inhomogeneous suprconductors - 1979. (berkeley springs, w.v.) aip conference proceedings, number 58</subfield><subfield code="c">D.u. gubser, t.l. francavilla, s.a. wolf, j.r. leibowitz (eds.)</subfield></datafield><datafield ind1=" " ind2=" " tag="260"><subfield code="a">New York</subfield><subfield code="b">American Institute Of Physics</subfield><subfield code="c">1980</subfield></datafield><datafield ind1=" " ind2=" " tag="300"><subfield code="a">337P</subfield></datafield><datafield ind1=" " ind2=" " tag="490"><subfield code="a">Aip Conference Proceedings, 58</subfield></datafield><datafield ind1="1" ind2=" " tag="700"><subfield code="a">Leibowitz, J.R</subfield><subfield code="e">Ed</subfield></datafield><datafield ind1=" " ind2=" " tag="852"><subfield code="a">37027</subfield><subfield code="c">53</subfield></datafield><datafield ind1=" " ind2=" " tag="CAT"><subfield code="a">Sys</subfield><subfield code="c">20150316</subfield><subfield code="h">083705</subfield></datafield></record></collection>